% Encoding: UTF-8

@Article{bojanowski2017enriching,
  author  = {Bojanowski, Piotr and Grave, Edouard and Joulin, Armand and Mikolov, Tomas},
  journal = {Transactions of the Association for Computational Linguistics},
  title   = {{E}nriching {W}ord {V}ectors with {S}ubword {I}nformation},
  year    = {2017},
  issn    = {2307-387X},
  pages   = {135--146},
  volume  = {5},
}

@InProceedings{straka2018udpipe,
    title = "{UDP}ipe 2.0 Prototype at {C}o{NLL} 2018 {UD} Shared Task",
    author = "Straka, Milan",
    booktitle = "Proceedings of the {C}o{NLL} 2018 Shared Task: Multilingual Parsing from Raw Text to Universal Dependencies",
    month = oct,
    year = "2018",
    address = "Brussels, Belgium",
    publisher = "Association for Computational Linguistics",
    url = "https://www.aclweb.org/anthology/K18-2020",
    doi = "10.18653/v1/K18-2020",
    pages = "197--207",
}

@InProceedings{xu2017scenegraph,
  author    = {Xu, Danfei and Zhu, Yuke and Choy, Christopher and Fei-Fei, Li},
  booktitle = {Computer Vision and Pattern Recognition (CVPR)},
  title     = {{S}cene {G}raph {G}eneration by {I}terative {M}essage {P}assing},
  year      = {2017},
}

@Article{scikit-learn,
  author  = {Pedregosa, F. and Varoquaux, G. and Gramfort, A. and Michel, V. and Thirion, B. and Grisel, O. and Blondel, M. and Prettenhofer, P. and Weiss, R. and Dubourg, V. and Vanderplas, J. and Passos, A. and Cournapeau, D. and Brucher, M. and Perrot, M. and Duchesnay, E.},
  journal = {Journal of Machine Learning Research},
  title   = {{S}cikit-learn: {M}achine {L}earning in {P}ython},
  year    = {2011},
  pages   = {2825--2830},
  volume  = {12},
}

@article{nivre2020universal,
  title={{U}niversal dependencies v2: {A}n evergrowing multilingual treebank collection},
  author={Nivre, Joakim and de Marneffe, Marie-Catherine and Ginter, Filip and Haji{\v{c}}, Jan and Manning, Christopher D and Pyysalo, Sampo and Schuster, Sebastian and Tyers, Francis and Zeman, Daniel},
  journal={arXiv preprint arXiv:2004.10643},
  year={2020}
}

@inproceedings{rahutomo2012semantic,
  title={{S}emantic cosine similarity},
  author={Rahutomo, Faisal and Kitasuka, Teruaki and Aritsugi, Masayoshi},
  booktitle={The 7th International Student Conference on Advanced Science and Technology ICAST},
  volume={4},
  number={1},
  pages={1},
  year={2012}
}

@inproceedings{johnson2018image,
  title={{I}mage generation from scene graphs},
  author={Johnson, Justin and Gupta, Agrim and Fei-Fei, Li},
  booktitle={Proceedings of the IEEE conference on computer vision and pattern recognition},
  pages={1219--1228},
  year={2018}
}

@inproceedings{schuster2015generating,
  title={{G}enerating semantically precise scene graphs from textual descriptions for improved image retrieval},
  author={Schuster, Sebastian and Krishna, Ranjay and Chang, Angel and Fei-Fei, Li and Manning, Christopher D},
  booktitle={Proceedings of the fourth workshop on vision and language},
  pages={70--80},
  year={2015}
}

@misc{ramesh2021zeroshot,
      title={{Z}ero-{S}hot {T}ext-to-{I}mage {G}eneration}, 
      author={Aditya Ramesh and Mikhail Pavlov and Gabriel Goh and Scott Gray and Chelsea Voss and Alec Radford and Mark Chen and Ilya Sutskever},
      year={2021},
      eprint={2102.12092},
      archivePrefix={arXiv},
      primaryClass={cs.CV}
}

@article{mansimov2015generating,
  title={Generating images from captions with attention},
  author={Mansimov, Elman and Parisotto, Emilio and Ba, Jimmy Lei and Salakhutdinov, Ruslan},
  journal={arXiv preprint arXiv:1511.02793},
  year={2015}
}

@article{reed2016learning,
  title={{L}earning what and where to draw},
  author={Reed, Scott and Akata, Zeynep and Mohan, Santosh and Tenka, Samuel and Schiele, Bernt and Lee, Honglak},
  journal={arXiv preprint arXiv:1610.02454},
  year={2016}
}


@inproceedings{krishnavisualgenome,
  title={{V}isual {G}enome: {C}onnecting {L}anguage and {V}ision {U}sing {C}rowdsourced {D}ense {I}mage {A}nnotations},
  author={Krishna, Ranjay and Zhu, Yuke and Groth, Oliver and Johnson, Justin and Hata, Kenji and Kravitz, Joshua and Chen, Stephanie and Kalantidis, Yannis and Li, Li-Jia and Shamma, David A and Bernstein, Michael and Fei-Fei, Li},
  year = {2016},
  url = {https://arxiv.org/abs/1602.07332},
}

@inproceedings{zhang2017stackgan,
  title={{S}tackgan: {T}ext to photo-realistic image synthesis with stacked generative adversarial networks},
  author={Zhang, Han and Xu, Tao and Li, Hongsheng and Zhang, Shaoting and Wang, Xiaogang and Huang, Xiaolei and Metaxas, Dimitris N},
  booktitle={Proceedings of the IEEE international conference on computer vision},
  pages={5907--5915},
  year={2017}
}

@article{oord2016conditional,
  title={{C}onditional image generation with pixelcnn decoders},
  author={Oord, Aaron van den and Kalchbrenner, Nal and Vinyals, Oriol and Espeholt, Lasse and Graves, Alex and Kavukcuoglu, Koray},
  journal={arXiv preprint arXiv:1606.05328},
  year={2016}
}

@inproceedings{oord2016pixel,
  title={{P}ixel recurrent neural networks},
  author={Van Oord, Aaron and Kalchbrenner, Nal and Kavukcuoglu, Koray},
  booktitle={International Conference on Machine Learning},
  pages={1747--1756},
  year={2016},
  organization={PMLR}
}


@inproceedings{zhao2019image,
  title={{I}mage generation from layout},
  author={Zhao, Bo and Meng, Lili and Yin, Weidong and Sigal, Leonid},
  booktitle={Proceedings of the IEEE/CVF Conference on Computer Vision and Pattern Recognition},
  pages={8584--8593},
  year={2019}
}


@article{quickdraw,
  title={{A} neural representation of sketch drawings},
  author={Ha, David and Eck, Douglas},
  journal={arXiv preprint arXiv:1704.03477},
  year={2017}
}


@article{eitz2012hdhso,
  author={Eitz, Mathias and Hays, James and Alexa, Marc},
  title={{H}ow {D}o {H}umans {S}ketch {O}bjects?},
  journal={ACM Trans. Graph. (Proc. SIGGRAPH)},
  year={2012},
  volume={31},
  number={4},
  pages = {44:1--44:10}
}

@article{sketchy2016,
  author = {Patsorn Sangkloy and Nathan Burnell and Cusuh Ham and James Hays},
  title = {{T}he {S}ketchy {D}atabase: {L}earning to {R}etrieve {B}adly {D}rawn {B}unnies},
  journal = {ACM Transactions on Graphics (proceedings of SIGGRAPH)},
  year = {2016},
}

@inproceedings{johnson2015image,
  title={{I}mage retrieval using scene graphs},
  author={Johnson, Justin and Krishna, Ranjay and Stark, Michael and Li, Li-Jia and Shamma, David and Bernstein, Michael and Fei-Fei, Li},
  booktitle={Proceedings of the IEEE conference on computer vision and pattern recognition},
  pages={3668--3678},
  year={2015}
}

@article{Liu_2017,
   title={{I}mproved {I}mage {C}aptioning via {P}olicy {G}radient optimization of {SPIDE}r},
   ISBN={9781538610329},
   url={http://dx.doi.org/10.1109/ICCV.2017.100},
   DOI={10.1109/iccv.2017.100},
   journal={2017 IEEE International Conference on Computer Vision (ICCV)},
   publisher={IEEE},
   author={Liu, Siqi and Zhu, Zhenhai and Ye, Ning and Guadarrama, Sergio and Murphy, Kevin},
   year={2017},
   month={Oct}
}

@inproceedings{anderson2016spice,
  title={{S}pice: {S}emantic propositional image caption evaluation},
  author={Anderson, Peter and Fernando, Basura and Johnson, Mark and Gould, Stephen},
  booktitle={European conference on computer vision},
  pages={382--398},
  year={2016},
  organization={Springer}
}

@article{douglas1973algorithms,
  title={Algorithms for the reduction of the number of points required to represent a digitized line or its caricature},
  author={Douglas, David H and Peucker, Thomas K},
  journal={Cartographica: the international journal for geographic information and geovisualization},
  volume={10},
  number={2},
  pages={112--122},
  year={1973},
  publisher={University of Toronto Press}
}

@article{tripathi2019using,
  title={Using scene graph context to improve image generation},
  author={Tripathi, Subarna and Bhiwandiwalla, Anahita and Bastidas, Alexei and Tang, Hanlin},
  journal={arXiv preprint arXiv:1901.03762},
  year={2019}
}


@Comment{jabref-meta: databaseType:bibtex;}